2975 4134
256 288 299 356 36
509 298 598 350 curo
617 299 791 349 unocurt
810 299 1008 349 crunnum

307 472 528 536 Commorandi
557 471 641 533 enim
676 477 790 533 natura
819 471 1034 533 devorsorium
1067 471 1169 551 nobis,
1199 493 1262 537 non

306 569 472 632 habitandi
496 569 592 629 dedit.
635 568 662 631 Ο
686 569 881 647 praeclarum
906 556 999 645 diem,
1024 588 1096 630 cum
1119 571 1154 630 in
1180 570 1263 631 illud

307 666 451 727 divinum
478 666 653 727 animorum
677 666 845 726 concilium
870 671 1055 744 coetumque
1082 667 1263 746 proficiscar

306 783 439 843 cumque
460 783 500 824 ex
520 765 579 825 hcc
599 764 692 825 turba
713 770 745 824 et
765 764 941 824 colluvione
963 764 1139 826 discedam!
1148 750 1262 857 fPro

253 869 269 917 t
306 861 428 923 ficiscar
444 862 526 922 enirn
548 881 612 921 non
633 861 674 921 ad
694 870 747 923 eos
768 861 870 922 solum
884 860 977 937 viros,
993 861 1032 921 de
1054 861 1168 939 quibus
1188 869 1261 933 ante

307 959 384 1035 dixi,
405 958 631 1019 verumetiam
652 958 693 1019 ad
714 958 864 1020 Catonem
885 976 998 1033 meum,
1020 978 1082 1036 quo
1102 977 1194 1019 nemo
1214 960 1261 1020 vir

306 1056 417 1118 melior
436 1061 530 1117 natus
551 1061 608 1131 est,
626 1073 717 1114 nemo
737 1054 856 1133 pietate
876 1042 1104 1133 praestantior}
1133 1057 1222 1118 cuius
1243 1076 1262 1117 a

307 1172 357 1213 me
380 1172 491 1231 corpus
513 1158 561 1214 est
581 1157 762 1228 crematum,
780 1152 998 1233 quodrssfflit‘gt,
1014 1153 1119 1213 decuit
1141 1154 1181 1214 ab
1205 1154 1261 1214 illo

306 1269 420 1326 meum,
440 1249 562 1310 enimus
583 1268 658 1308 vero
678 1267 742 1307 non
762 1267 813 1308 me
834 1248 990 1324 deserens,
1005 1251 1061 1310 sed
1082 1256 1260 1328 respectans

255 1358 284 1406 10
307 1347 340 1406 in
365 1365 402 1407 ea
425 1347 567 1425 proiecto
591 1346 659 1406 loca
679 1345 835 1421 discessit,
851 1364 913 1423 quo
931 1346 1012 1405 mihi
1031 1346 1094 1425 ipsi
1115 1348 1261 1408 cernebat

306 1462 375 1506 esse
402 1443 599 1504 veniendum.
654 1443 754 1514 Quem
781 1460 839 1519 ego
866 1461 970 1502 meum
1001 1462 1107 1504 casum
1134 1443 1261 1504 fortiter

306 1542 389 1602 ferre
403 1540 489 1602 visus
507 1560 586 1615 sum,
601 1559 664 1599 non
681 1558 743 1618 quo
760 1558 858 1617 aequo
873 1540 978 1600 animo
996 1540 1120 1619 ferrem,
1136 1542 1193 1601 sed
1210 1560 1259 1601 me

305 1636 374 1716 ipse
398 1638 580 1699 consolabar
595 1637 781 1698 existimans
802 1657 866 1697 non
882 1637 1089 1715 longinquum
1106 1638 1259 1699 internos

306 1735 481 1812 digressum
504 1740 536 1794 et
561 1734 732 1796 discessum
754 1734 830 1794 fore.
893 1733 944 1795 85.
968 1735 1030 1795 His
1056 1735 1134 1794 mihi
1158 1735 1258 1811 rebus,

197 1823 200 1829 ’
255 1842 283 1889 15
307 1832 420 1910 Scipio,
434 1831 481 1912 (id
496 1831 579 1892 enim
593 1838 709 1892 tecum
725 1831 834 1892 Laelio
853 1831 1002 1892 admirari
1019 1832 1117 1892 solere
1134 1832 1257 1914 dixisti)

299 1928 386 1990 >levis
407 1935 456 1989 est
477 1933 629 2003 senectus,
644 1948 701 1988 nec
723 1928 824 1989 solum
845 1948 909 1988 non
930 1928 1070 2002 molesta,
1090 1929 1258 1989 sedetiam

306 2026 450 2087 iucunda.
492 2025 610 2096 Quodsi
632 2024 665 2083 in
689 2025 748 2085 hoc
772 2044 850 2100 erro,
872 2025 928 2103 qui
952 2025 1072 2086 animos
1096 2026 1259 2086 hominum
1324 2042 1326 2047 ·

306 2122 497 2184 immortales
518 2140 586 2183 esse
607 2123 740 2196 credam,
756 2122 891 2182 libenter
911 2141 980 2182 erro
998 2140 1055 2182 nec
1076 2123 1155 2182 mihi
1175 2124 1258 2185 hunc

306 2238 451 2296 errorem,
466 2237 528 2297 quo
542 2219 686 2293 delector,
706 2218 782 2278 dum
798 2220 881 2294 viro,
903 2220 1082 2298 extorqueri
1096 2221 1183 2297 volo;
1209 2221 1258 2281 sin

253 2328 285 2377 to
307 2321 456 2392 mortuus,
477 2321 514 2376 ut
534 2315 662 2394 quidam
681 2315 797 2376 minuti
816 2316 998 2395 philosophi
1020 2323 1158 2393 censent,
1177 2317 1258 2377 nihil

308 2412 450 2488 sentiam,
474 2431 538 2472 non
561 2431 679 2487 vereor,
699 2431 740 2473 ne
765 2413 848 2474 hunc
872 2432 1007 2474 errorem
1032 2433 1136 2474 meum
1160 2415 1259 2493 philo

308 2510 399 2588 sophi
412 2509 528 2569 mortui
541 2509 701 2570 irrideant.
737 2510 856 2581 Quodsi
866 2530 930 2570 non
944 2530 1051 2572 sumus
1066 2511 1257 2572 immortales

307 2607 418 2683 futuri,
440 2612 546 2667 tamen
564 2606 724 2684 exstingui
745 2607 866 2667 homini
884 2627 940 2668 suo
959 2614 1100 2686 ternpore
1120 2608 1258 2689 optabile

307 2710 363 2765 est.
402 2704 485 2764 Nam
499 2703 594 2764 habet
607 2710 721 2765 natura
733 2710 770 2764 ut
784 2704 916 2765 aliarum
931 2705 1070 2765 omnium
1084 2724 1197 2781 rerum,
1213 2706 1257 2766 sic

253 2816 283 2863 25
306 2800 435 2862 vivendi
458 2801 592 2860 modurn.
637 2801 787 2862 Senectus
804 2807 909 2862 eutem
924 2802 1037 2862 aetatis
1052 2809 1101 2863 est
1119 2802 1257 2881 peractio

305 2904 466 2976 tamquam
487 2898 623 2973 fabulae,
645 2897 734 2959 cuius
755 2897 1015 2975 defatigationem
1036 2899 1145 2976 fugere
1169 2898 1257 2959 debe·

306 3014 388 3070 mus,
399 2995 584 3073 praesertim
599 2995 748 3056 adiuncta
761 2995 915 3056 satietate.

345 3093 434 3152 Haec
453 3091 559 3167 habui,
581 3091 620 3152 de
641 3111 656 3153 s
675 3111 697 3150 n
733 3096 802 3151 tute
823 3110 902 3169 quae
924 3091 1073 3168 dicerem3
1101 3092 1254 3170 adquam

305 3187 427 3249 utinam
449 3110 792 3301 pervenicpislwha,
817 3206 897 3265 quae
921 3206 961 3248 ex
984 3206 1034 3248 me
1058 3188 1201 3264 audistis,
1223 3207 1279 3253 re.

252 3297 283 3346 cc
305 3283 427 3365 experti
448 3285 773 3379 probmepossrtisp„
843 3274 873 3303 '³
1241 3276 1274 3397 s

625 3438 672 3487 „a
809 3464 820 3477 ,.

679 3516 755 3577 uass

626 3576 692 3643 s‘
